<?xml version="1.0" encoding="UTF-8"?><collection xmlns="http://www.loc.gov/MARC21/slim"><record><leader>00722nam--2200193-u-4500</leader><controlfield tag="001">000053519</controlfield><controlfield tag="002">20161230</controlfield><controlfield tag="005">20170102170556</controlfield><controlfield tag="008">110411s1000------------r-----000-0-eng-d</controlfield><datafield ind1=" " ind2=" " tag="020"><subfield code="a">073540240x</subfield></datafield><datafield ind1=" " ind2=" " tag="040"><subfield code="a">IFIN-HH</subfield></datafield><datafield ind1=" " ind2=" " tag="080"><subfield code="a">57:43:54:51:3(063)</subfield></datafield><datafield ind1="1" ind2=" " tag="100"><subfield code="a">Ludu, Andrei</subfield></datafield><datafield ind1="1" ind2="0" tag="245"><subfield code="a">Isis international symposium on interdisciplinary sicence</subfield><subfield code="b">Aip conference proceedings 755, October 6-8,2004 Northwestern State University Natchitoches, Louisiana</subfield><subfield code="c">Andrei Ludu; Nathan R. Hutchings; Darrell R. Fry (eds.)</subfield></datafield><datafield ind1=" " ind2=" " tag="260"><subfield code="a">Melville, New York</subfield><subfield code="b">American Institute Of Physics</subfield><subfield code="c">2005</subfield></datafield><datafield ind1=" " ind2=" " tag="490"><subfield code="a">Aip Conference Proceedings</subfield><subfield code="v">Vol.755</subfield></datafield><datafield ind1="1" ind2=" " tag="700"><subfield code="a">Fry, Darrell R</subfield><subfield code="e">Ed</subfield></datafield><datafield ind1=" " ind2=" " tag="852"><subfield code="a">81605</subfield><subfield code="c">57</subfield></datafield><datafield ind1=" " ind2=" " tag="CAT"><subfield code="a">SYS</subfield><subfield code="c">20170102</subfield><subfield code="h">170556</subfield></datafield></record></collection>